@misc{LaTeXWik47:online,
organization = {Colaboradores de los proyectos Wikimedia},
  title = {LaTeX - Wikipedia, la enciclopedia libre},
  url = "https://es.wikipedia.org/wiki/LaTeX",
month = {6},
year = {2002},
  note = "[Online; accessed 2025-02-10]"
}