@misc{Loremips46:online,
  organization = {Colaboradores de los proyectos Wikimedia},
  title        = {Lorem ipsum - Wikipedia, la enciclopedia libre},
  url          = {https://es.wikipedia.org/wiki/Lorem_ipsum},
  month        = {2},
  year         = {2005},
  note         = {[Online; accessed 2025-02-06]}
}

@book{de1835ingenioso,
  title={El ingenioso hidalgo don Quijote de la Mancha},
  author={De Cervantes, Miguel and others},
  volume={4},
  year={1835},
  publisher={E. Aguado, impresor de c{\'a}mara de SM y de su real casa}
}
